@misc{SAG09,
    author    = "SAGE",
    title     = "Specification of the {3GPP} Confidentiality and Integrity Algorithms {UEA2} \& {UIA2}. Document 1: {UEA2} and {UIA2} Specification",

  year="2009",
  howpublished ={\url{https://www.gsma.com/about-us/wp-content/uploads/2014/12/uea2uia2d1v21.pdf}},
}
@misc{SAG06,
    author    = "SAGE",
    title     = "Specification of the {3GPP} Confidentiality and Integrity Algorithms {UEA2} \& {UIA2}. Document 2: {SNOW 3G} Specification",

  year="2006",
  howpublished ={\url{https://www.gsma.com/about-us/wp-content/uploads/2014/12/snow3gspec.pdf}},
}
@misc{SAG061,
    author    = "SAGE",
    title     = "Specification of the {3GPP} Confidentiality and Integrity Algorithms {UEA2} \& {UIA2}. Document 5: Design and Evaluation Report",

  year="2006",
  howpublished ={\url{https://www.gsma.com/solutions-and-impact/technologies/security/wp-content/uploads/2019/05/uea2designevaluation.pdf}},
}
@misc{SAG11,
    author    = "SAGE",
    title     = "Specification of the 3GPP Confidentiality and Integrity Algorithms 128-EEA3 \& 128-EIA3. Document 2: ZUC Specification",

  year="2011",
  howpublished ={\url{https://www.gsma.com/about-us/wp-content/uploads/2014/12/eea3eia3zucv16.pdf}},
}
@misc{EST07,
    author    = "ESTI",
    title     = "Universal Mobile Telecommunications System (UMTS); Specification of the 3GPP confidentiality and integrity algorithms; Document 2: Kasumi specification",
    year="2007",
    howpublished ={\url{https://www.etsi.org/deliver/etsi_ts/135200_135299/135202/07.00.00_60/ts_135202v070000p.pdf}},
}
@misc{cryptoeprint:2021/1439,
      author = {ZUC Design Team},
      title = {An Addendum to the {ZUC}-256 Stream Cipher},
      howpublished = {Cryptology {ePrint} Archive, Paper 2021/1439},
      year = {2021},
      url = {https://eprint.iacr.org/2021/1439}
}

@misc{e10.5555/2206251,
    author = {Dworkin, Morris J.},
    title = {SP 800-38D. Recommendation for Block Cipher Modes of Operation: Galois/Counter Mode (GCM) and GMAC},
    year = {2007},
    howpublished = {National Institute of Standards \& Technology},
}

@misc{EST22,
    author    = "ESTI",
    title     = "Specification of the 3GPP confidentiality and integrity algorithms; Document 1: f8 and f9 specification",
    year="2022",
    howpublished ={\url{https://www.etsi.org/deliver/etsi_ts/135200_135299/135201/17.00.00_60/ts_135201v170000p.pdf}},
}
@misc{SAG19,
    author    = "SAGE",
    title     = "Specification of the 3GPP Confidentiality and Integrity Algorithms 128-EEA3 \& 128-EIA3. Document 1: 128-EEA3 and 128-EIA3 Specification",

  year="2019",
  howpublished ={\url{https://www.gsma.com/solutions-and-impact/technologies/security/wp-content/uploads/2019/05/EEA3_EIA3_specification_v1_8.pdf}},
}

@misc{strang2012linear,
  title={Linear algebra and its applications},
  author={Strang, Gilbert},
  year={2012}
}

@book{strang2022introduction,
  title={Introduction to linear algebra},
  author={Strang, Gilbert},
  year={2022},
  publisher={SIAM}
}

@book{rogaway2005introduction,
  author    = {Phillip Rogaway and Mihir Bellare},
  title     = {Introduction to Modern Cryptography},
  year      = {2005},
  url       = {https://web.cs.ucdavis.edu/~rogaway/classes/227/spring05/book/main.pdf}
}

@inproceedings{weaknessLTE,
author = {Wu, Teng and Gong, Guang},
title = {The weakness of integrity protection for LTE},
year = {2013},
isbn = {9781450319980},
publisher = {Association for Computing Machinery},
address = {New York, NY, USA},
url = {https://doi.org/10.1145/2462096.2462110},
doi = {10.1145/2462096.2462110},
pages = {79–88},
numpages = {10},
keywords = {LTE, MAC, forgery, man-in-the-middle},
location = {Budapest, Hungary},
series = {WiSec '13}
}

@article{tosc2024,
  title={Key Recovery, Universal Forgery, and Committing Attacks against Revised Rocca: How Finalization Affects Security},
  author={Ryunouchi Takeuchi and Yosuke Todo and Tetsu Iwata},
  journal={IACR Transactions on Symmetric Cryptology},
  volume={2024},
  number={2},
  pages={85–117},
  year={2024},
  month={Jun.},
  doi={10.46586/tosc.v2024.i2.85-117},
  url={https://tosc.iacr.org/index.php/ToSC/article/view/11622},
  publisher={Ruhr-University Bochum},
  issn={2519-173X},
  note={Licensed under Creative Commons License CC-BY 4.0},
}

@misc{SAG112,
    author    = "SAGE",
    title     = "Specification of the 3GPP Confidentiality and Integrity Algorithms 128-EEA3 \& 128-EIA3. Document 4: Design and Evaluation Report",

  year="2011",
  howpublished ={\url{https://www.gsma.com/solutions-and-impact/technologies/security/wp-content/uploads/2019/05/EEA3_EIA3_Design_Evaluation_v2_0.pdf}},
}